<?xml version="1.0" encoding="UTF-8"?><collection xmlns="http://www.loc.gov/MARC21/slim"><record><leader>00328nam--2200121-i-4500</leader><controlfield tag="001">000002843</controlfield><controlfield tag="002">20161230</controlfield><controlfield tag="005">20161230201025</controlfield><controlfield tag="008">060222s1000------------r-----000-0-eng-d</controlfield><datafield ind1=" " ind2=" " tag="245"><subfield code="a">Collected papers on methods of analysis for ur anium and thorium</subfield></datafield><datafield ind1=" " ind2=" " tag="260"><subfield code="a">Washington, U.S.Gov.Print.Off., 1954</subfield></datafield><datafield ind1=" " ind2=" " tag="490"><subfield code="a">Vii+184p</subfield></datafield><datafield ind1=" " ind2=" " tag="852"><subfield code="a">543</subfield></datafield></record></collection>